# PESP original introduction
@article{serafini1989mathematical,
  title={A mathematical model for periodic scheduling problems},
  author={Serafini, Paolo and Ukovich, Walter},
  journal={SIAM Journal on Discrete Mathematics},
  volume={2},
  number={4},
  pages={550--581},
  year={1989},
  publisher={SIAM}
}

# TimPass original formulation
@book{schmidt2014integrating,
  title={Integrating routing decisions in public transportation problems},
  author={Schmidt, Marie E and others},
  year={2014},
  publisher={Springer}
}

# Philinen TimPass formulaatio, lisäksi SAT-näkökulma, kun tää kuitenkin on PESP ekstensio
# Tässä kans node-arc incidence matrix kuvaus
@inproceedings{gattermann2016integrating,
  title={Integrating passengers' routes in periodic timetabling: a SAT approach},
  author={Gattermann, Philine and Gro{\ss}mann, Peter and Nachtigall, Karl and Sch{\"o}bel, Anita},
  booktitle={16th Workshop on Algorithmic Approaches for Transportation Modelling, Optimization, and Systems (ATMOS 2016)},
  year={2016},
  organization={Schloss Dagstuhl-Leibniz-Zentrum fuer Informatik}
}


# TimPass preprocessing, heuristic with only partial rerouting of passengers
@article{schiewe2020periodic,
  title={Periodic timetabling with integrated routing: Toward applicable approaches},
  author={Schiewe, Philine and Sch{\"o}bel, Anita},
  journal={Transportation Science},
  volume={54},
  number={6},
  pages={1714--1731},
  year={2020},
  publisher={INFORMS}
}

# sequential optimization formalisation, "price of sequentiality" introduction
# tästä voi salee ottaa jotain demoja, joilla voi osoittaa TimPass -ongelman olevan tärkeä
@article{schiewe2022integrated,
  title={Integrated optimization of sequential processes: General analysis and application to public transport},
  author={Schiewe, Philine and Sch{\"o}bel, Anita},
  journal={EURO Journal on Transportation and Logistics},
  volume={11},
  pages={100073},
  year={2022},
  publisher={Elsevier}
}



# PESP Berlin metro case study, np-hardness
@inproceedings{liebchen2007periodic,
  title={Periodic timetable optimization in public transport},
  author={Liebchen, Christian},
  booktitle={Operations Research Proceedings 2006: Selected Papers of the Annual International Conference of the German Operations Research Society (GOR), Jointly Organized with the Austrian Society of Operations Research ({\"O}GOR) and the Swiss Society of Operations Research (SVOR) Karlsruhe, September 6--8, 2006},
  pages={29--36},
  year={2007},
  organization={Springer}
}


# Modulo network simplex heuristic from PESP to TimPass 
@inproceedings{lobel2020restricted,
  title={The restricted modulo network simplex method for integrated periodic timetabling and passenger routing},
  author={L{\"o}bel, Fabian and Lindner, Niels and Bornd{\"o}rfer, Ralf},
  booktitle={Operations Research Proceedings 2019: Selected Papers of the Annual International Conference of the German Operations Research Society (GOR), Dresden, Germany, September 4-6, 2019},
  pages={757--763},
  year={2020},
  organization={Springer}
}


# SAT-hypen alku, SAT for PESP
@inproceedings{grossmann2012solving,
  title={Solving periodic event scheduling problems with SAT},
  author={Gro{\ss}mann, Peter and H{\"o}lldobler, Steffen and Manthey, Norbert and Nachtigall, Karl and Opitz, Jens and Steinke, Peter},
  booktitle={Advanced Research in Applied Artificial Intelligence: 25th International Conference on Industrial Engineering and Other Applications of Applied Intelligent Systems, IEA/AIE 2012, Dalian, China, June 9-12, 2012. Proceedings 25},
  pages={166--175},
  year={2012},
  organization={Springer}
}


# Integrated optimization importance, chicken & egg view, passenger point of view
@article{schmidt2015complexity,
  title={The complexity of integrating passenger routing decisions in public transportation models},
  author={Schmidt, Marie and Sch{\"o}bel, Anita},
  journal={Networks},
  volume={65},
  number={3},
  pages={228--243},
  year={2015},
  publisher={Wiley Online Library}
}


# TimPassLib
@article{schiewe2023introducing,
  title={Introducing TimPassLib--A library for integrated periodic timetabling and passenger routing},
  author={Schiewe, Philine and Goerigk, Marc and Lindner, Niels},
  year={2023}
}



# --------------------------- ML in public transport ---------------------------


@inproceedings{darwish2020optimising,
  title={Optimising public bus transit networks using deep reinforcement learning},
  author={Darwish, Ahmed and Khalil, Momen and Badawi, Karim},
  booktitle={2020 IEEE 23rd International Conference on Intelligent Transportation Systems (ITSC)},
  pages={1--7},
  year={2020},
  organization={IEEE}
}

@article{yan2022distributed,
  title={Distributed Multiagent Deep Reinforcement Learning for Multiline Dynamic Bus timetable optimization},
  author={Yan, Haoyang and Cui, Zhiyong and Chen, Xinqiang and Ma, Xiaolei},
  journal={IEEE Transactions on Industrial Informatics},
  volume={19},
  number={1},
  pages={469--479},
  year={2022},
  publisher={IEEE}
}




# -------------------------- ML in combinatorial opt ---------------------------


@article{zhang2023survey,
  title={A survey for solving mixed integer programming via machine learning},
  author={Zhang, Jiayi and Liu, Chang and Li, Xijun and Zhen, Hui-Ling and Yuan, Mingxuan and Li, Yawen and Yan, Junchi},
  journal={Neurocomputing},
  volume={519},
  pages={205--217},
  year={2023},
  publisher={Elsevier}
}


# Google preprint
@article{nair2020solving,
  title={Solving mixed integer programs using neural networks},
  author={Nair, Vinod and Bartunov, Sergey and Gimeno, Felix and Von Glehn, Ingrid and Lichocki, Pawel and Lobov, Ivan and O'Donoghue, Brendan and Sonnerat, Nicolas and Tjandraatmadja, Christian and Wang, Pengming and others},
  journal={arXiv preprint arXiv:2012.13349},
  year={2020}
}